<?xml version="1.0" encoding="UTF-8"?><collection xmlns="http://www.loc.gov/MARC21/slim"><record><leader>00383nam--2200121-i-4500</leader><controlfield tag="001">000035542</controlfield><controlfield tag="002">20161230</controlfield><controlfield tag="005">20161230201040</controlfield><controlfield tag="008">060222s1000------------r-----000-0-eng-d</controlfield><datafield ind1=" " ind2=" " tag="100"><subfield code="a">Mounic, M</subfield></datafield><datafield ind1=" " ind2=" " tag="245"><subfield code="a">Electronique industrielle. tome i. physique electronique. tubes a vide et a gas, semi-conducteurs, a l`usage des techniciens..</subfield></datafield><datafield ind1=" " ind2=" " tag="260"><subfield code="a">Paris, Foucher, 1955, 299p</subfield></datafield><datafield ind1=" " ind2=" " tag="852"><subfield code="a">11932</subfield></datafield></record></collection>